@BOOK{Smith:2012qr,
   title = {Chemistry},
   publisher = {Publisher},
   author = {Smith, J.~M. and Jones, A.~B.},
   year = {2012},
   edition = {7th},
}

@ARTICLE{Dahiya:2006,
	title = {Brachytherapy a review},
    journal = {a},
    author = {Mandeep Dahiya},
    year = {2006}
}

@ARTICLE{Tward2006,
	author = {Jonathan Tward, et al.},
	title = {Survival of Men With Clinically Localized Prostate Cancer Treated With Prostatectomy, Brachytherapy, or No Definitive Treatment Impact of Age at Diagnosis},
    year = {2006}
}
@ARTICLE{Devlin2016,
	author = Devlin,
    title = {Brachytherapy application and techniques.},
    year = {2016}
}
@ARTICLE{Thomas20XX,
	author = {Thomas Rockwell Mackie and Wolfgang Tomé},
    title = {Advanced Image-Guided External Beam Radiotherapy},
    year = {2017}
}
@article{cozzi2018advantages,
  title={Advantages of intraoperative implant for interstitial brachytherapy for accelerated partial breast irradiation either frail patients with early-stage disease or in locally recurrent breast cancer.},
  author={Cozzi, Salvatore and Laplana, Maria and Najjari, Dina and Slocker, Andrea and Encinas, Xavier and Pera, Joan and Guedea, Ferran and Gutierrez, Cristina},
  journal={Journal of Contemporary Brachytherapy},
  volume={10},
  number={2},
  year={2018}
}
@article{kamrava2017american,
  title={American Brachytherapy Society recurrent carcinoma of the endometrium task force patterns of care and review of the literature},
  author={Kamrava, Mitchell and Beriwal, Sushil and Erickson, Beth and Gaffney, David and Jhingran, Anuja and Klopp, Ann and Park, Sang June and Viswanathan, Akila and Yashar, Catheryn and Lin, Lilie},
  journal={Brachytherapy},
  volume={16},
  number={6},
  pages={1129--1143},
  year={2017},
  publisher={Elsevier}
}

@article{kalaghchi2018high,
  title={High-dose-rate brachytherapy in treatment of non-melanoma skin cancer of head and neck region: preliminary results of a prospective single institution study.},
  author={Kalaghchi, Bita and Esmati, Ebrahim and Ghalehtaki, Reza and Gomar, Marzieh and Jaberi, Ramin and Gholami, Soraya and Babaloui, Somayyeh and Nabavi, Mansoureh and Sotoudeh, Sarvazad and Khanjani, Nezhat and others},
  journal={Journal of Contemporary Brachytherapy},
  volume={10},
  number={2},
  year={2018}
}

@article{rospond2018ruthenium,
  title={Ruthenium brachytherapy for intraocular growth of a conjunctival squamous cell carcinoma: a case report.},
  author={Rospond-Kubiak, Iwona and Adamski, Wojciech and Sosnowska, Kinga and Kociȩcki, Jaros{\l}aw and Marsza{\l}ek, Andrzej},
  journal={Journal of Contemporary Brachytherapy},
  volume={10},
  number={2},
  year={2018}
}

@article{koukourakis2009,
  title={Brachytherapy for prostate cancer: a systematic review},
  author={Koukourakis, Georgios and Kelekis, Nikolaos and Armonis, Vassilios and Kouloulias, Vassilios},
  journal={Advances in urology},
  volume={2009},
  year={2009},
  publisher={Hindawi}
}

@article{dahiya2016,
  title={Brachytherapy: A review},
  author={Dahiya, MANDEEP},
  journal={J Crit Rev},
  volume={3},
  pages={6--10},
  year={2016}
}
@article{shen2012,
  title={Comparative effectiveness research for prostate cancer radiation therapy: current status and future directions},
  author={Shen, Xinglei and Zaorsky, Nicholas G and Mishra, Mark V and Foley, Kathleen A and Hyslop, Terry and Hegarty, Sarah and Pizzi, Laura T and Dicker, Adam P and Showalter, Timothy N},
  journal={Future Oncology},
  volume={8},
  number={1},
  pages={37--54},
  year={2012},
  publisher={Future Medicine}
}

@incollection{wong2008combined,
  title={Combined chemoradiotherapy advances},
  author={Wong, Gordon and Mehta, Minesh P},
  booktitle={Radiation Oncology Advances},
  pages={277--301},
  year={2008},
  publisher={Springer}
}

@article{zaorsky2017,
  title={The evolution of brachytherapy for prostate cancer},
  author={Zaorsky, Nicholas G and Davis, Brian J and Nguyen, Paul L and Showalter, Timothy N and Hoskin, Peter J and Yoshioka, Yasuo and Morton, Gerard C and Horwitz, Eric M},
  journal={Nature Reviews Urology},
  volume={14},
  number={7},
  pages={415},
  year={2017},
  publisher={Nature Publishing Group}
}

@article{roy1991ct,
  title={CT-based optimized planning for transperineal prostate implant with customized template},
  author={Roy, Jitendra N and Wallner, Kent E and Chiu-Tsao, Sou-Tung and Anderson, Lowell L and Ling, C Clifton},
  journal={International Journal of Radiation Oncology• Biology• Physics},
  volume={21},
  number={2},
  pages={483--489},
  year={1991},
  publisher={Elsevier}
}


@article{bauer1988computerized,
  title={Computerized optimization of 125I implants in brain tumors},
  author={Bauer-Kirpes, Bernhard and Sturm, Volker and Schlegel, Wolfgang and Lorenz, Walter J},
  journal={International Journal of Radiation Oncology• Biology• Physics},
  volume={14},
  number={5},
  pages={1013--1023},
  year={1988},
  publisher={Elsevier}
}

@article{yao2014optimization,
  title={Optimization for high-dose-rate brachytherapy of cervical cancer with adaptive simulated annealing and gradient descent},
  author={Yao, Rui and Templeton, Alistair K and Liao, Yixiang and Turian, Julius V and Kiel, Krystyna D and Chu, James CH},
  journal={Brachytherapy},
  volume={13},
  number={4},
  pages={352--360},
  year={2014},
  publisher={Elsevier}
}

@article{kannan2015comparison,
  title={Comparison of manual and inverse optimisation techniques in high dose rate intracavitary brachytherapy of cervical cancer: A dosimetric study},
  author={Kannan, Ram Abhinav and Gururajachar, Janaki Manur and Ponni, Arul and Koushik, Kirthi and Kumar, Mohan and Alva, Ram Charith and Harjani, Ritika and Murthy, Arvind},
  journal={Reports of Practical Oncology \& Radiotherapy},
  volume={20},
  number={5},
  pages={365--369},
  year={2015},
  publisher={Elsevier}
}

@article{tsubokura2018comparison,
  title={Comparison of image-guided intensity-modulated radiotherapy and low-dose rate brachytherapy with or without external beam radiotherapy in patients with localized prostate cancer},
  author={Tsubokura, Takuji and Yamazaki, Hideya and Masui, Koji and Sasaki, Naomi and Shimizu, Daisuke and Suzuki, Gen and Nakamura, Satoaki and Yamada, Kei and Okihara, Koji and Shiraishi, Takumi and others},
  journal={Scientific reports},
  volume={8},
  number={1},
  pages={10538},
  year={2018},
  publisher={Nature Publishing Group}
}

@book{foucart2013mathematical,
  title={A mathematical introduction to compressive sensing},
  author={Foucart, Simon and Rauhut, Holger},
  volume={1},
  number={3},
  year={2013},
  publisher={Birkh{\"a}user Basel}
}

@phdthesis{phdthesis,
  author       = {Peter Joslin}, 
  title        = {The title of the work},
  school       = {The school of the thesis},
  year         = 1993,
  address      = {The address of the publisher},
  month        = 7,
  note         = {An optional note}
}